@article{vanhees2005assess,
  title={How to assess physical activity? How to assess physical fitness?},
  author={Vanhees, L. and Lefevre, J. and Philippaerts, R. and Martens, M. and Huygens, W. and Troosters, T. and Beunen, G.},
  journal={European Journal of Cardiovascular Prevention \& Rehabilitation},
  volume={12},
  number={2},
  pages={102--114},
  year={2005},
  month={April},
  publisher={SAGE Publications}
}

@INPROCEEDINGS{6331342, 
author={Campos, R. and Figueiras, E. and Ferreira, L.F.R. and Humeau-Heurtier, A}, 
booktitle={Bioengineering (ENBENG), 2012 IEEE 2nd Portuguese Meeting in}, 
title={Spectral analysis of laser Doppler flowmetry signals}, 
year={2012}, 
month={Feb}, 
pages={1-6}
}

@article{R3, 
author={Rodrigues, L.M. and Pinto, P.C. and Fluhr, J.W.}, 
journal={Experimental Dermatology}, 
title={In vivo assessment of peripheral vascular function by tcpo2 and skin blood flow modelling}, 
year={2011}, 
volume={21},
pages={38-42}
}

@article{R4, 
author={Chao, P.T. and Jan, M.Y. and Hsiu, H. and Wang, W.K. and Wang, Y.L. and Biology}, 
journal={physics in Medicine and Biology}, 
title={Evaluating microcirculation by pulsatile laser Doppler signal}, 
year={2006}, 
volume={51},
pages={845}
}

@ARTICLE{6172194, 
author={Figueiras, E. and Campos, R. and Semedo, S. and Oliveira, R. and Requicha Ferreira, L.F. and Humeau-Heurtier, A}, 
journal={Review of Scientific Instruments}, 
title={A new laser Doppler flowmeter prototype for depth dependent monitoring of skin microcirculation}, 
year={2012}, 
month={Mar}, 
volume={83}, 
number={3}, 
pages={034302-034302-10}, 
keywords={Doppler measurement;bioMEMS;biomedical equipment;biosensors;blood;blood flow measurement;calibration;fibre optic sensors;flowmeters;haemorheology;microsensors;skin;0620fb;4281Pa;4763Jd;8585+j;8719U-;8719rh}, 
doi={10.1063/1.3694571}, 
ISSN={0034-6748},}

@book{L1,
 author = {Alpaydin, E.},
 title = {Introduction to Machine Learning},
 year = {2010},
 isbn = {026201243X, 9780262012430},
 edition = {2nd},
 publisher = {The MIT Press},
}

@book{L2,
 author = {Bishop, Christopher M.},
 title = {Pattern Recognition and Machine Learning (Information Science and Statistics)},
 year = {2006},
 isbn = {0387310738},
 publisher = {Springer-Verlag New York, Inc.},
 address = {Secaucus, NJ, USA},
}

@book{L3,
 author = {Theodoridis, S. and Koutroumbas, K.},
 title = {Pattern Recognition, Fourth Edition},
 year = {2008},
 isbn = {1597492728, 9781597492720},
 edition = {4th},
 publisher = {Academic Press},
}

@inproceedings{L4,
 author = {Magerman, David M.},
 title = {Statistical Decision-tree Models for Parsing},
 booktitle = {Proceedings of the 33rd Annual Meeting on Association for Computational Linguistics},
 year = {1995},
 pages = {276--283},
 numpages = {8},
}

@article{L5,
title = "Decision tree classification of land cover from remotely sensed data ",
journal = "Remote Sensing of Environment ",
volume = "61",
number = "3",
pages = "399 - 409",
year = "1997",
author = "Friedl, M.A.  and Brodley,  C.E.",
month = "September"
}

@article{L6,
title = "Machine learning for medical diagnosis: history, state of the art and perspective ",
journal = "Artificial Intelligence in Medicine ",
volume = "23",
number = "1",
pages = "89 - 109",
year = "2001",
note = "",
issn = "0933-3657",
doi = "http://dx.doi.org/10.1016/S0933-3657(01)00077-X",
url = "http://www.sciencedirect.com/science/article/pii/S093336570100077X",
author = "Igor, K.",
keywords = "Machine learning",
keywords = "Medical diagnosis",
keywords = "Reliability of prediction",
keywords = "Kirlian camera "
}

@article{L7,
title = "A decision tree for the early diagnosis of acute myocardial infarction in non-traumatic chest pain patients at hospital admission: Mair J, Smidt J, Lechleitner P, et al. Chest. 1995; 108(6):1502-9 ",
journal = "The Journal of Emergency Medicine ",
volume = "14",
number = "4",
pages = "527",
year = "1996",
month = "August",
author = " Larson, J. L."
}

@INPROCEEDINGS{L8, 
author={Marsolo, K. and Parthasarathy, S. and Twa, M. and Bullimore, M.A}, 
booktitle={Bioinformatics and Bioengineering, 2005. BIBE 2005. Fifth IEEE Symposium on}, 
title={Classification of biomedical data through model-based spatial averaging}, 
year={2005}, 
month={Oct}, 
pages={49-56}, 
keywords={diseases;eye;grid computing;image classification;image resolution;learning (artificial intelligence);medical image processing;trees (mathematics);bagging;biomedical data classification;corneas;distributed grid-based method;ensemble learning;meta-learning;model-based spatial averaging;single decision tree;spatial transformations;surface elevation values;Aggregates;Bagging;Bioinformatics;Classification tree analysis;Cornea;Decision trees;Spatial resolution;Testing;Training data;Voting}, 
doi={10.1109/BIBE.2005.16},}

@ARTICLE{L9, 
author={Marsolo, K. and Twa, M. and Bullimore, M.A and Parthasarathy, S.}, 
journal={Information Technology in Biomedicine, IEEE Transactions on}, 
title={Spatial Modeling and Classification of Corneal Shape}, 
year={2007}, 
month={March}, 
volume={11}, 
number={2}, 
pages={203-212}, 
keywords={Bayes methods;Zernike polynomials;data analysis;data mining;decision making;decision support systems;decision trees;diseases;eye;learning (artificial intelligence);mean square error methods;medical diagnostic computing;medical information systems;neural nets;pattern classification;C4.5 decision trees;Zernike polynomials;bagging learning;biomedical data;biomedical instrument data representation;boosting learning;clinical decision-making process;corneal shape classification;data analysis;data mining;decision tree classifier;diseased eyes;feature representation;fidelity;interpretability;meta-learning strategies;multiclass dataset;naive Bayes;neural networks;nondiseased eyes;patient diagnosis;random forests learning;residual root-mean-square error method;spatial modeling;voting feature intervals;Bioinformatics;Biomedical computing;Classification tree analysis;Data analysis;Data mining;Decision making;Decision trees;Medical diagnosis;Polynomials;Shape;Corneal shape;decision trees;spatial modeling;Algorithms;Artificial Intelligence;Computer Simulation;Cornea;Corneal Topography;Diagnosis, Computer-Assisted;Feasibility Studies;Humans;Models, Biological;Pattern Recognition, Automated;Reproducibility of Results;Sensitivity and Specificity}, 
doi={10.1109/TITB.2006.879591}, 
ISSN={1089-7771},}

@Article{L10,
   Author="Page, P. ",
   Title="{{C}urrent concepts in muscle stretching for exercise and rehabilitation}",
   Journal="Int J Sports Phys Ther",
   Year="2012",
   Volume="7",
   Number="1",
   Pages="109--119",
   Month="Feb"
}

@Article{L11,
   Author="Moseley, A. M.  and Crosbie, J.  and Adams, R. ",
   Title="{{H}igh- and low-ankle flexibility and motor task performance}",
   Journal="Gait Posture",
   Year="2003",
   Volume="18",
   Number="2",
   Pages="73--80",
   Month="Oct"
}

@Article{L12,
   Author= {Str{\o}e, V.  and R{\o}e, C.  and Knardahl, S.},
   Title="{{W}ork-induced pain, trapezius blood flux, and muscle activity in workers with chronic shoulder and neck pain}",
   Journal="Pain",
   Year="2009",
   Volume="144",
   Number="1-2",
   Pages="147--155",
   Month="Jul"
}

@article{L13,
title = "Muscle activity and blood flux during standardised data-terminal work ",
journal = "International Journal of Industrial Ergonomics ",
volume = "30",
number = "4–5",
pages = "251 - 264",
year = "2002",
note = "Musculoskeletal disorders in computer users ",
issn = "0169-8141",
doi = "http://dx.doi.org/10.1016/S0169-8141(02)00129-4",
url = "http://www.sciencedirect.com/science/article/pii/S0169814102001294",
author = "Cecilie Røe and Stein Knardahl",
keywords = "Blood flow",
keywords = "Muscle activity",
keywords = "Muscle pain",
keywords = "Computer work "
}

@Article{L14,
   Author="Chao, P. T.  and Jan, M. Y.  and Hsiu, H.  and Hsu, T. L.  and Wang, W. K.  and Lin Wang, Y. Y. ",
   Title="{{E}valuating microcirculation by pulsatile laser {D}oppler signal}",
   Journal="Phys Med Biol",
   Year="2006",
   Volume="51",
   Number="4",
   Pages="845--854",
   Month="Feb"
}
@Article{L15,
   Author="Hsiu, H. and Hsu, W. C.  and Chang, S. L.  and Hsu, C. L.  and Huang, S. M.  and Lin, Y. Y. ",
   Title="{{M}icrocirculatory effect of different skin contacting pressures around the blood pressure}",
   Journal="Physiol Meas",
   Year="2008",
   Volume="29",
   Number="12",
   Pages="1421--1434",
   Month="Dec"
}


@ARTICLE{790500, 
author={Stefanovska, A and Bracic, M. and Kvernmo, H.D.}, 
journal={Biomedical Engineering, IEEE Transactions on}, 
title={Wavelet analysis of oscillations in the peripheral blood circulation measured by laser Doppler technique}, 
year={1999}, 
month={Oct}, 
volume={46}, 
number={10}, 
pages={1230-1239}, 
keywords={Doppler measurement;blood flow measurement;fluid oscillations;laser applications in medicine;medical signal processing;time-frequency analysis;wavelet transforms;0.0095 to 1.6 Hz;blood flow regulation in vivo;characteristic oscillations;endothelial activity;laser Doppler flowmetry;laser Doppler technique;logarithmic frequency resolution;macroscopic mechanisms;microscopic mechanisms;peripheral blood circulation oscillations;rhythmic process;wavelet analysis;Biomedical measurements;Blood flow;Fluid flow measurement;Frequency measurement;Light scattering;Measurement by laser beam;Red blood cells;Velocity measurement;Wavelet analysis;Wavelet transforms;Acetylcholine;Endothelium, Vascular;Humans;Iontophoresis;Laser-Doppler Flowmetry;Male;Nitroprusside;Oscillometry;Pulsatile Flow;Regional Blood Flow;Signal Processing, Computer-Assisted;Skin;Vasodilation;Vasodilator Agents}, 
doi={10.1109/10.790500}, 
ISSN={0018-9294},
}

@ARTICLE{1162034, 
author={Rabiner, L. and Schafer, R.W. and Rader, C.M.}, 
journal={Audio and Electroacoustics, IEEE Transactions on}, 
title={The chirp z-transform algorithm}, 
year={1969}, 
month={Jun}, 
volume={17}, 
number={2}, 
pages={86-92}, 
keywords={Chirp;Convolution;Discrete transforms;Fast Fourier transforms;Laboratories;Laplace equations;Military computing;Spirals;Strips;Telephony}, 
doi={10.1109/TAU.1969.1162034}, 
ISSN={0018-9278},
}


@ARTICLE{rID3,
year={1986},
issn={0885-6125},
journal={Machine Learning},
volume={1},
number={1},
doi={10.1023/A:1022643204877},
title={Induction of Decision Trees},
url={http://dx.doi.org/10.1023/A%3A1022643204877},
publisher={Kluwer Academic Publishers-Plenum Publishers},
keywords={classification; induction; decision trees; information theory; knowledge acquisition; expert systems},
author={Quinlan, J.R.},
pages={81-106},
language={English}
}

@article{rC45,
year={1994},
issn={0885-6125},
journal={Machine Learning},
volume={16},
number={3},
doi={10.1023/A:1022645310020},
title={Book Review: C4.5: Programs for Machine Learning by J. Ross Quinlan. Morgan Kaufmann Publishers, Inc., 1993},
url={http://dx.doi.org/10.1023/A%3A1022645310020},
publisher={Kluwer Academic Publishers-Plenum Publishers},
author={Salzberg, StevenL.},
pages={235-240},
language={English}
}

@article{rCART,
year={2008},
issn={0219-1377},
journal={Knowledge and Information Systems},
volume={14},
number={1},
doi={10.1007/s10115-007-0114-2},
title={Top 10 algorithms in data mining},
url={http://dx.doi.org/10.1007/s10115-007-0114-2},
publisher={Springer-Verlag},
author={Wu, Xindong and Kumar, Vipin and Ross Quinlan, J. and Ghosh, Joydeep and Yang, Qiang and Motoda, Hiroshi and McLachlan, GeoffreyJ. and Ng, Angus and Liu, Bing and Yu, PhilipS. and Zhou, Zhi-Hua and Steinbach, Michael and Hand, DavidJ. and Steinberg, Dan},
pages={1-37},
language={English}
}

@article{Kvernmo1998173,
title = "Spectral Analysis of the Laser Doppler Perfusion Signal in Human Skin before and after Exercise ",
journal = "Microvascular Research ",
volume = "56",
number = "3",
pages = "173 - 182",
year = "1998",
note = "",
issn = "0026-2862",
doi = "http://dx.doi.org/10.1006/mvre.1998.2108",
url = "http://www.sciencedirect.com/science/article/pii/S0026286298921082",
author = "Hebe Désirée Kvernmo and Aneta Stefanovska and Maja Bracic and Knut Arvid Kirkebøen and Knut Kvernebo",
keywords = "physical exercise",
keywords = "microvascular skin perfusion",
keywords = "vasomotion",
keywords = "spectral analysis",
keywords = "laser Doppler flowmetry "
}
