@article{ncuthesis,
title   = "Title jæˆ‘of the paper",
author  = "A. Author and B. Author",
journal = "Name of the journal",
volume  = "6",
number  = "2",
pages   = "xxx--xxx",
month   = feb,          
year    = "2012"}

@inproceedings{conference,
 author    = "First author and Second author",
 title     = "Title of the conference paper",
 booktitle = "Proceedings of the $X^{th}$ Conference on XYZ",
 year      = "2006",
 pages     = "xxx--xxx",
 volume    = "3",
 month     = oct}



@book{ethinking,
author    = "Jesse LO",
title     = "eThinking in Circuits with PSpice",
note      = "ISBN 978-957-41-8721-8",
month     = sep,
year      = "2012"}